Automatically generated by Mendeley Desktop 1.19.8
Any changes to this file will be lost if it is regenerated by Mendeley.

BibTeX export options can be customized via Options -> BibTeX in Mendeley Desktop

@book{barbieri2019,
address = {Rio de Janeiro},
author = {Barbieri, Carlos},
keywords = {Dados. Governan{\c{c}}a de Dados.},
pages = {288},
publisher = {Alta Books},
title = {{Governan{\c{c}}a de Dados: Pr{\'{a}}ticas, Conceitos e Novos Caminhos}},
year = {2019}
}

@misc{IDC2021,
address = {Doral},
urlaccessdate = {24 abr 2019},
author = {IDC, International Data Corporation},
publisher = {IDC Latin America},
title = {{Previs{\~{o}}es da IDC Brasil para 2021 apontam que mercado de TIC crescer{\'{a}} 7\%}},
url = {https://www.idc.com/getdoc.jsp?containerId=prLA47452221},
year = {2021}
}

@misc{Witkowski2021,
author = {Witkowski, Wallace},
publisher = {MarketWatch},
title = {{Videogames are a bigger industry than movies and North American sports combined, thanks to the pandemic}},
url = {https://www.marketwatch.com/story/videogames-are-a-bigger-industry-than-sports-and-movies-combined-thanks-to-the-pandemic-11608654990},
urlaccessdate = {2021-03-06},
year = {2021}
}
